% This file was created with JabRef 2.10.
% Encoding: Cp1252


@Electronic{js-object2pages,
  Title                    = {How to pass javascript object from one page to other},
  Url                      = {http://stackoverflow.com/questions/7709289/how-to-pass-javascript-object-from-one-page-to-other},

  Owner                    = {chris},
  Timestamp                = {2016.01.19}
}

@Electronic{js-persistencewebsockets,
  Title                    = {WebSocket - persistent across page loads?},
  Url                      = {http://tavendo.com/blog/post/websocket-persistent-connections},

  Owner                    = {chris},
  Timestamp                = {2016.01.19}
}

